
@article{mem_error,
  title={{\textbf{A memory of errors in sensorimotor learning}}},
  author={{David J. Herzfeld, Pavan A. Vaswani, Mollie Marko, Reza Shadmehr}},
  journal={ScienceXpress},
  year={2014},
  volume={}
}


@article{Bizzi,
  title={{\textbf{Consolidation in human motor memory}}},
  author={{Brashers-Krug T, Shadmehr R, Bizzi E}},
  journal={Nature},
  year={1996},
  volume={}
}



@article{shadmehr_jn,
  title={{\textbf{Electromyographic correlates of learning an internal model of reaching movements}}},
  author={{Thoroughman KA, Shadmehr R}},
  journal={Journal of Neuroscience},
  year={1999},
  volume={}
}


@article{Wolpert,
  title={{\textbf{Scaling down motor memories: De-adaptation after motor learning}}},
  author={{Davidson PR, Wolpert DM}},
  journal={Neuroscience Letter},
  year={2004},
  volume={}
}


@article{shadmehr_jnp,
  title={{\textbf{Time-dependent motor memory processes in amnesic subjects}}},
  author={{Shadmehr R, Brandt J, Corkin S}},
  journal={Journal of Neurophysiology},
  year={1998},
  volume={}
}